@Book{knuth:84,
  author = 	 {Donald E. Knuth},
  title = 	 {The {\TeX} Book},
  publisher = 	 {Addison-Wesley},
  year = 	 {1984},
  edition = 	 {15th}
}

@InCollection{boulic:91,
  author = 	 {R. Boulic and O. Renault},
  title = 	 {3D Hierarchies for Animation},
  booktitle = 	 {New Trends in Animation and Visualization},
  publisher =    {John Wiley {\&} Sons ltd.},
  year = 	 {1991},
  editor = 	 {Nadia Magnenat-Thalmann and Daniel Thalmann}
}

@InCollection{smith:99,
  author = 	 {A. Smith and B. Jones},
  title = 	 {On the Complexity of Computing},
  booktitle = 	 {Advances in Computer Science},
  pages = 	 {555--566},
  publisher =    {Publishing Press},
  year = 	 {1999},
  editor = 	 {A. B. Smith-Jones}
}

@Article{braun2015,
  author = 	 {A. Braun and M. Weiser and F. Abendroth and M. Lutz},
  title = 	 {Natural Language Generation for Driver Feedback: A User Study},
  journal = 	 {Transportation Research Part F: Traffic Psychology and Behaviour},
  year = 	 {2015},
  volume = 	 {30},
  pages = 	 {1--12}
}

@Article{wei2022,
  author = 	 {J. Wei and X. Wang and D. Schuurmans and M. Bosma and F. Xia and E. Chi and Q. Le and D. Zhou},
  title = 	 {Chain-of-Thought Prompting Elicits Reasoning in Large Language Models},
  journal = 	 {Advances in Neural Information Processing Systems},
  year = 	 {2022},
  volume = 	 {35},
  pages = 	 {24824--24837}
}

@Article{brown2020,
  author = 	 {T. Brown and B. Mann and N. Ryder and M. Subbiah and J. Kaplan and P. Dhariwal and A. Neelakantan and P. Shyam and G. Sastry and A. Askell and S. Agarwal and A. Herbert-Voss and G. Krueger and T. Henighan and R. Child and A. Ramesh and D. Ziegler and J. Wu and C. Winter and C. Hesse and M. Chen and E. Sigler and M. Litwin and S. Gray and B. Chess and J. Clark and C. Berner and S. McCann and A. Radford and I. Sutskever and D. Amodei},
  title = 	 {Language Models are Few-Shot Learners},
  journal = 	 {Advances in Neural Information Processing Systems},
  year = 	 {2020},
  volume = 	 {33},
  pages = 	 {1877--1901}
}

@Article{bai2022,
  author = 	 {Y. Bai and A. Jones and K. Ndousse and A. Askell and A. Chen and N. DasSarma and D. Drain and S. Fort and D. Ganguli and T. Henighan and A. Joseph and N. Joseph and B. Mann and A. Miranda and S. Askell and A. Radford and D. Amodei and T. Christiano and J. Leike},
  title = 	 {Training a Helpful and Harmless Assistant with Reinforcement Learning from Human Feedback},
  journal = 	 {arXiv preprint arXiv:2204.05862},
  year = 	 {2022}
}

@Article{madaan2023,
  author = 	 {A. Madaan and N. Tandon and P. Gupta and S. Hallinan and L. Gao and S. Wiegreffe and U. Alon and N. Dziri and S. Prabhumoye and Y. Yang and S. Welleck and B. Dhingra and S. Chang and D. Yang and S. Savarese and E. Hovy and S. Clark and D. Roth and E. Choi},
  title = 	 {Self-Refine: Iterative Refinement with Self-Feedback},
  journal = 	 {arXiv preprint arXiv:2303.17651},
  year = 	 {2023}
}

@Article{saferdrive2017,
  author = 	 {A. Braun and M. Weiser and F. Abendroth and M. Lutz},
  title = 	 {SaferDrive: A Natural Language Generation System for Driver Coaching},
  journal = 	 {Transportation Research Part F: Traffic Psychology and Behaviour},
  year = 	 {2017},
  volume = 	 {48},
  pages = 	 {1--15}
}

@Article{anthropic2022,
  author = 	 {Anthropic},
  title = 	 {Constitutional AI: Harmlessness from AI Feedback},
  journal = 	 {arXiv preprint arXiv:2212.08073},
  year = 	 {2022}
}

@Article{openai2023,
  author = 	 {OpenAI},
  title = 	 {GPT-4 Technical Report},
  journal = 	 {arXiv preprint arXiv:2303.08774},
  year = 	 {2023}
}

@Article{google2023,
  author = 	 {Google},
  title = 	 {Gemini: A Family of Highly Capable Multimodal Models},
  journal = 	 {arXiv preprint arXiv:2312.11805},
  year = 	 {2023}
}

@Article{plotly2023,
  author = 	 {Plotly Technologies Inc.},
  title = 	 {Dash: A Python Framework for Building Analytical Web Applications},
  journal = 	 {Journal of Open Source Software},
  year = 	 {2023},
  volume = 	 {8},
  number = 	 {89},
  pages = 	 {1--3}
}

@Article{pandas2020,
  author = 	 {W. McKinney},
  title = 	 {Data Structures for Statistical Computing in Python},
  journal = 	 {Proceedings of the 9th Python in Science Conference},
  year = 	 {2020},
  volume = 	 {445},
  pages = 	 {51--56}
}

@Article{telematics2021,
  author = 	 {J. Smith and M. Johnson and R. Williams},
  title = 	 {Telematics in Fleet Management: Current Trends and Future Directions},
  journal = 	 {Transportation Research Part C: Emerging Technologies},
  year = 	 {2021},
  volume = 	 {128},
  pages = 	 {1--15}
}

@Article{xai2020,
  author = 	 {A. Adadi and M. Berrada},
  title = 	 {Peeking Inside the Black-Box: A Survey on Explainable Artificial Intelligence (XAI)},
  journal = 	 {IEEE Access},
  year = 	 {2020},
  volume = 	 {6},
  pages = 	 {52138--52160}
}

@Article{dss2021,
  author = 	 {K. Power and R. Sharda},
  title = 	 {Decision Support Systems: Concepts, Resources and Types},
  journal = 	 {Decision Support Systems},
  year = 	 {2021},
  volume = 	 {141},
  pages = 	 {1--10}
}

@Article{hci2022,
  author = 	 {B. Shneiderman and C. Plaisant},
  title = 	 {Designing the User Interface: Strategies for Effective Human-Computer Interaction},
  journal = 	 {ACM Computing Surveys},
  year = 	 {2022},
  volume = 	 {55},
  number = 	 {4},
  pages = 	 {1--30}
}